<record><leader>00000cas a22000007a 4500</leader><controlfield tag="001">10829843</controlfield><controlfield tag="008">840611d18731873scudn ne      0    0eng d</controlfield><datafield ind1=" " ind2=" " tag="010"><subfield code="a">sn 84027009 </subfield></datafield><datafield ind1=" " ind2=" " tag="040"><subfield code="a">NPU</subfield><subfield code="b">eng</subfield><subfield code="c">NPU</subfield><subfield code="d">SVN</subfield><subfield code="d">OCLCQ</subfield><subfield code="d">CRL</subfield><subfield code="d">OCLCQ</subfield><subfield code="d">OCLCF</subfield></datafield><datafield ind1="1" ind2=" " tag="029"><subfield code="a">AU@</subfield><subfield code="b">000020335533</subfield></datafield><datafield ind1=" " ind2=" " tag="042"><subfield code="a">msc</subfield></datafield><datafield ind1=" " ind2=" " tag="043"><subfield code="a">n-us-sc</subfield></datafield><datafield ind1="0" ind2=" " tag="130"><subfield code="a">Daily evening herald (Columbia, S.C.)</subfield></datafield><datafield ind1="1" ind2="4" tag="245"><subfield code="a">The Daily evening herald.</subfield></datafield><datafield ind1=" " ind2=" " tag="260"><subfield code="a">Columbia, S.C. :</subfield><subfield code="b">Andrews, Northrop &amp; Co.,</subfield><subfield code="c">1873.</subfield></datafield><datafield ind1=" " ind2=" " tag="300"><subfield code="a">1 v. ;</subfield><subfield code="c">53 cm.</subfield></datafield><datafield ind1=" " ind2=" " tag="310"><subfield code="a">Daily (except Sun.)</subfield></datafield><datafield ind1="0" ind2=" " tag="362"><subfield code="a">-v. 1, no. 117 (May 23, 1873).</subfield></datafield><datafield ind1="1" ind2=" " tag="362"><subfield code="a">Began in Jan. 1873.</subfield></datafield><datafield ind1=" " ind2=" " tag="588"><subfield code="a">Description based on: Vol. 1, no. 18 (Jan. 27, 1873).</subfield></datafield><datafield ind1=" " ind2="0" tag="651"><subfield code="a">Columbia (S.C.)</subfield><subfield code="v">Newspapers.</subfield></datafield><datafield ind1=" " ind2="0" tag="651"><subfield code="a">Richland County (S.C.)</subfield><subfield code="v">Newspapers.</subfield></datafield><datafield ind1=" " ind2="7" tag="655"><subfield code="a">Newspapers.</subfield><subfield code="2">fast</subfield><subfield code="0">(OCoLC)fst01423814</subfield></datafield><datafield ind1=" " ind2="7" tag="651"><subfield code="a">South Carolina</subfield><subfield code="z">Columbia.</subfield><subfield code="2">fast</subfield><subfield code="0">(OCoLC)fst01206785</subfield></datafield><datafield ind1=" " ind2="7" tag="651"><subfield code="a">South Carolina</subfield><subfield code="z">Richland County.</subfield><subfield code="2">fast</subfield><subfield code="0">(OCoLC)fst01206357</subfield></datafield><datafield ind1=" " ind2=" " tag="752"><subfield code="a">United States</subfield><subfield code="b">South Carolina</subfield><subfield code="c">Richland</subfield><subfield code="d">Columbia.</subfield></datafield><datafield ind1="0" ind2="7" tag="785"><subfield code="t">Columbia daily union</subfield><subfield code="w">(DLC)sn 84027000</subfield><subfield code="w">(OCoLC)10812505</subfield></datafield><datafield ind1="0" ind2="7" tag="785"><subfield code="t">Daily union-herald</subfield><subfield code="w">(DLC)sn 84027010</subfield><subfield code="w">(OCoLC)10829950</subfield></datafield></record>